@article{kato2015open,
  title={An open approach to autonomous vehicles},
  author={Kato, Shinpei and Takeuchi, Eijiro and Ishiguro, Yoshio and Ninomiya, Yoshiki and Takeda, Kazuya and Hamada, Tsuyoshi},
  journal={IEEE Micro},
  volume={35},
  number={6},
  pages={60--68},
  year={2015},
  publisher={IEEE}
}

@article{hengstler2016applied,
  title={Applied artificial intelligence and trustâ€”The case of autonomous vehicles and medical assistance devices},
  author={Hengstler, Monika and Enkel, Ellen and Duelli, Selina},
  journal={Technological Forecasting and Social Change},
  volume={105},
  pages={105--120},
  year={2016},
  publisher={Elsevier}
}

@article{nunes2015day,
  title={Day charging electric vehicles with excess solar electricity for a sustainable energy system},
  author={Nunes, Pedro and Farias, Tiago and Brito, Miguel C},
  journal={Energy},
  volume={80},
  pages={263--274},
  year={2015},
  publisher={Elsevier}
}

@article{ioannidou2017deep,
  title={Deep learning advances in computer vision with 3d data: A survey},
  author={Ioannidou, Anastasia and Chatzilari, Elisavet and Nikolopoulos, Spiros and Kompatsiaris, Ioannis},
  journal={ACM Computing Surveys (CSUR)},
  volume={50},
  number={2},
  pages={1--38},
  year={2017},
  publisher={ACM New York, NY, USA}
}

@article{schmidhuber2015deep,
  title={Deep learning in neural networks: An overview},
  author={Schmidhuber, J{\"u}rgen},
  journal={Neural networks},
  volume={61},
  pages={85--117},
  year={2015},
  publisher={Elsevier}
}

@inproceedings{karpathy2015deep,
  title={Deep visual-semantic alignments for generating image descriptions},
  author={Karpathy, Andrej and Fei-Fei, Li},
  booktitle={Proceedings of the IEEE conference on computer vision and pattern recognition},
  pages={3128--3137},
  year={2015}
}

@article{van2011energy,
  title={Energy use, cost and CO2 emissions of electric cars},
  author={Van Vliet, Oscar and Brouwer, Anne Sjoerd and Kuramochi, Takeshi and van Den Broek, Machteld and Faaij, Andr{\'e}},
  journal={Journal of power sources},
  volume={196},
  number={4},
  pages={2298--2310},
  year={2011},
  publisher={Elsevier}
}

@article{mayer2012feasibility,
  title={Feasibility study of 2020 target costs for PEM fuel cells and lithium-ion batteries: A two-factor experience curve approach},
  author={Mayer, Thomas and Kreyenberg, Danny and Wind, J{\"o}rg and Braun, Frank},
  journal={International journal of hydrogen energy},
  volume={37},
  number={19},
  pages={14463--14474},
  year={2012},
  publisher={Elsevier}
}

@article{russakovsky2015imagenet,
  title={Imagenet large scale visual recognition challenge},
  author={Russakovsky, Olga and Deng, Jia and Su, Hao and Krause, Jonathan and Satheesh, Sanjeev and Ma, Sean and Huang, Zhiheng and Karpathy, Andrej and Khosla, Aditya and Bernstein, Michael and others},
  journal={International journal of computer vision},
  volume={115},
  number={3},
  pages={211--252},
  year={2015},
  publisher={Springer}
}

@inproceedings{karpathy2014large,
  title={Large-scale video classification with convolutional neural networks},
  author={Karpathy, Andrej and Toderici, George and Shetty, Sanketh and Leung, Thomas and Sukthankar, Rahul and Fei-Fei, Li},
  booktitle={Proceedings of the IEEE conference on Computer Vision and Pattern Recognition},
  pages={1725--1732},
  year={2014}
}

@article{ali2019towards,
  title={Towards a smarter battery management system for electric vehicle applications: A critical review of lithium-ion battery state of charge estimation},
  author={Ali, Muhammad Umair and Zafar, Amad and Nengroo, Sarvar Hussain and Hussain, Sadam and Junaid Alvi, Muhammad and Kim, Hee-Je},
  journal={Energies},
  volume={12},
  number={3},
  pages={446},
  year={2019},
  publisher={Multidisciplinary Digital Publishing Institute}
}